<?xml version="1.0" encoding="UTF-8"?><collection xmlns="http://www.loc.gov/MARC21/slim"><record><leader>00687nam--2200181-i-4500</leader><controlfield tag="001">000009857</controlfield><controlfield tag="002">20161230</controlfield><controlfield tag="005">20161230201028</controlfield><controlfield tag="008">060222s1000------------r-----000-0-eng-d</controlfield><datafield ind1=" " ind2=" " tag="040"><subfield code="a">IFIN-HH</subfield></datafield><datafield ind1=" " ind2=" " tag="080"><subfield code="a">539.143.43. 061.3</subfield></datafield><datafield ind1="1" ind2=" " tag="100"><subfield code="a">Coogan, C.K</subfield></datafield><datafield ind1="1" ind2="0" tag="245"><subfield code="a">Magnetic resonance</subfield><subfield code="b">Proceedings of the international symposium on electron and nuclear magnetic resonanc, held in melbourne, august,969, sponsored by australian academy of science</subfield><subfield code="c">C.k. coogan, norman s. ham, s.n. stuart, j.r. pilbrow, g.v.h. wilson (eds.)</subfield></datafield><datafield ind1=" " ind2=" " tag="260"><subfield code="a">New York</subfield><subfield code="b">Plenum Press</subfield><subfield code="c">1970</subfield></datafield><datafield ind1=" " ind2=" " tag="300"><subfield code="a">XII + 386 P</subfield></datafield><datafield ind1="1" ind2=" " tag="700"><subfield code="a">Wilson, G.V.H</subfield><subfield code="e">Ed</subfield></datafield><datafield ind1=" " ind2=" " tag="852"><subfield code="a">35201</subfield><subfield code="c">539.143.43</subfield></datafield><datafield ind1=" " ind2=" " tag="CAT"><subfield code="a">Sys</subfield><subfield code="c">20120507</subfield><subfield code="h">163111</subfield></datafield></record></collection>